<?xml version="1.0" encoding="UTF-8"?><collection><record><leader>05691ntm a2200565 a 4500</leader><controlfield tag="001">006805967</controlfield><controlfield tag="003">MiAaHDL</controlfield><controlfield tag="005">20190719000000.0</controlfield><controlfield tag="006">m        d        </controlfield><controlfield tag="007">cr bn ---auaua</controlfield><controlfield tag="008">090602m157918uuxx            00| ||ara d</controlfield><datafield tag="035" ind1=" " ind2=" "><subfield code="a">(MiU)006805967</subfield></datafield><datafield tag="035" ind1=" " ind2=" "><subfield code="a">sdr-miu006805967</subfield></datafield><datafield tag="040" ind1=" " ind2=" "><subfield code="a">MiU</subfield><subfield code="c">MiU</subfield><subfield code="e">amremm</subfield></datafield><datafield tag="043" ind1=" " ind2=" "><subfield code="a">n-us-mi</subfield></datafield><datafield tag="100" ind1="1" ind2=" "><subfield code="6">880-01</subfield><subfield code="a">Shaykhʹzādah, Muḥammad ibn Muṣṭafá,</subfield><subfield code="d">-1544 or 1545.</subfield></datafield><datafield tag="240" ind1="1" ind2="0"><subfield code="6">880-02</subfield><subfield code="a">Ḥāshiyat Shaykhʻzādah ʻalá al-Bayḍāwī.</subfield><subfield code="n">Jild 2</subfield></datafield><datafield tag="245" ind1="1" ind2="3"><subfield code="6">880-03</subfield><subfield code="a">[al-Jild al-thānī min Ḥāshiyat Shaykhʻzādah ʻalá al-Bayḍāwī,</subfield><subfield code="f">987, i.e. 1579 or 1580 and 19th century].</subfield></datafield><datafield tag="246" ind1="3" ind2=" "><subfield code="i">Title from front flyleaf (p.1) and opening on p.3:</subfield><subfield code="a">شيخ زاده من سورة البقرة</subfield></datafield><datafield tag="246" ind1="3" ind2=" "><subfield code="i">Edge title (tail):</subfield><subfield code="a">الجلد الثاني من تفسير شيخ زاده</subfield></datafield><datafield tag="260" ind1=" " ind2=" "><subfield code="c">[1579 or 1580 and 18--].</subfield></datafield><datafield tag="300" ind1=" " ind2=" "><subfield code="a">267 leaves :</subfield><subfield code="b">paper ;</subfield><subfield code="c">282 x 184 (210 x 105) mm.</subfield></datafield><datafield tag="500" ind1=" " ind2=" "><subfield code="a">Shelfmark: Ann Arbor, University of Michigan, Special Collections Library, Isl. Ms. 463 v.2</subfield></datafield><datafield tag="500" ind1=" " ind2=" "><subfield code="a">Origin: As appears at close on p.454, opening section (close of Sūrat al-Baqarah) dated 987 [1579 or 80]. Further sections on anchor in circle marked paper likely contemporary ; sections on eagle "GFA" marked paper suggest 19th century.</subfield></datafield><datafield tag="500" ind1=" " ind2=" "><subfield code="a">Accompanying materials: a. Acquisitions slip from Yahuda (for the set as extant, this and Isl. Ms. 463 v.3, Isl. Ms. 463 v.5, Isl. Ms. 463 v.6 and Isl. Ms. 463 v.7) -- b. Scrap of grid paper with portion of drawing and notes (between pp.454-455).</subfield></datafield><datafield tag="500" ind1=" " ind2=" "><subfield code="a">Former shelfmark: From inner front cover, "IL 91 II" (likely supplied by Yahuda, see acquisitions slip).</subfield></datafield><datafield tag="500" ind1=" " ind2=" "><subfield code="a">Binding: Pasteboards now covered in dull yellow paper and green-blue paper-backed cloth with dark olive green leather over spine ; Type II binding (originally with flap, though now lost) ; board linings in brown wove paper ; sewn in dark pink thread, two stations ; worked chevron endbands in cream or light yellow and dull pink, good condition ; overall in poor condition with flap apparently lost, lifting and losses of cloth and paper, abrasion, staining, delamination of boards, etc. ; housed in box for protection.</subfield></datafield><datafield tag="500" ind1=" " ind2=" "><subfield code="a">Support: European laid paper of at least two main types appearing in different sections ; opening through p.42 and pp.165-456 in a type with 10 laid lines per cm. (horizontal), chain lines spaced 27-29 mm. apart (vertical), and anchor in circle with star above watermark (68 mm. tall, see p.8, 456, etc.), sturdy, crisp and fairly thick, well-burnished to glossy ; pp.43-164 and pp.457-536 in another type with 10-11 laid lines per cm. (horizontal), chain lines spaced 27 mm. apart (vertical), and eagle with wings spread watermark ("GFA" below, see p.46, etc.), thin and fairly transluscent, burnished.</subfield></datafield><datafield tag="500" ind1=" " ind2=" "><subfield code="a">Decoration: Keywords, abbreviation symbols (mainly two teeth stroke above notable words), some notabilia (sideheads) and section headings rubricated ; overlining in red ; occasional textual dividers in the form of red discs.</subfield></datafield><datafield tag="500" ind1=" " ind2=" "><subfield code="a">Script: Naskh and nastaʻlīq (talik) ; at least four main Turkish hands ; all mainly serifless and fairly compact ; opening and other hands showing some influence of nastaʻlīq with effect of words descending to baseline, elongation of horizontal strokes, etc.</subfield></datafield><datafield tag="500" ind1=" " ind2=" "><subfield code="a">Layout: Written in 29 lines per page.</subfield></datafield><datafield tag="500" ind1=" " ind2=" "><subfield code="a">Collation: i, 7 V(70), V+1 (81), 8 V(161), IV (169), I+1 (172), 5 V(222), II+1 (227), 4 V(267), i ; chiefly quinions ; leaves between sections (pp.455-457) left blank ; catchwords present ; pagination in pencil, Western numerals, supplied during digitization (includes flyleaves).</subfield></datafield><datafield tag="500" ind1=" " ind2=" "><subfield code="a">Explicit: "وترك المخالفة وتلك صفة المؤمنين بالله وهم اهل السلام والكافرون"</subfield></datafield><datafield tag="500" ind1=" " ind2=" "><subfield code="a">Incipit: "سميت هذه اللام موطئة للقسم لانها تسهل على السامع تفهم جواب القسم عند اجتماع الشرط ..."</subfield></datafield><datafield tag="500" ind1=" " ind2=" "><subfield code="a">Title supplied by cataloguer.</subfield></datafield><datafield tag="500" ind1=" " ind2=" "><subfield code="a">Ms. composite codex.</subfield></datafield><datafield tag="510" ind1="4" ind2=" "><subfield code="a">Ḥājjī Khalīfah. Kashf al-ẓunūn,</subfield><subfield code="c">I 473-4</subfield></datafield><datafield tag="510" ind1="4" ind2=" "><subfield code="a">Brockelmann, C. GAL</subfield><subfield code="c">I 417 (I. / no.12) ; S I 739 ; S II 650</subfield></datafield><datafield tag="520" ind1="8" ind2=" "><subfield code="a">Careful copy of the second of seven volumes (v.1 and v.4 now lacking) of the commentary by Shaykhʻzādah Muḥammad ibn Muṣṭafá al-Qūjawī (d.1544 or 5) upon al-Bayḍāwī's commentary on the Qurʼān, Anwār al-tanzīl wa-asrār al-taʼwīl, covering Sūrat al-Baqarah (2) through Sūrat Āl ʻUmrān (3). Possibly acephalous and ends abruptly.</subfield></datafield><datafield tag="538" ind1=" " ind2=" "><subfield code="a">Mode of access: Internet.</subfield></datafield><datafield tag="541" ind1=" " ind2=" "><subfield code="a">Acquired in 1926 from the bookseller Isaac Benjamin S.E. Yahuda via purchase transacted on his behalf by Abraham Shalom Yahuda (1877-1951), his younger brother.</subfield></datafield><datafield tag="546" ind1=" " ind2=" "><subfield code="a">Arabic.</subfield></datafield><datafield tag="561" ind1=" " ind2=" "><subfield code="a">Book price on front flyleaf (p.1) ; numerous glosses and marginal corrections ; occasional notabilia (sideheads), many rubricated.</subfield></datafield><datafield tag="600" ind1="1" ind2="0"><subfield code="a">Bayḍāwī, ʻAbd Allāh ibn ʻUmar,</subfield><subfield code="d">-1286?</subfield><subfield code="t">Anwār al-tanzīl wa-asrār al-taʼwīl.</subfield></datafield><datafield tag="630" ind1="0" ind2="0"><subfield code="a">Qurʼan</subfield><subfield code="x">Commentaries</subfield><subfield code="v">Early works to 1800.</subfield></datafield><datafield tag="650" ind1=" " ind2="0"><subfield code="a">Manuscripts, Arabic</subfield><subfield code="z">Michigan</subfield><subfield code="z">Ann Arbor.</subfield></datafield><datafield tag="773" ind1="0" ind2=" "><subfield code="a">Yahuda Collection.</subfield></datafield><datafield tag="880" ind1="1" ind2="2"><subfield code="6">245-03/</subfield><subfield code="a">[الجلد الثاني من حاشية شيخ زاده على البيضاوي,</subfield><subfield code="f">987ه، 1587 او 1580م والقرن 19م].</subfield></datafield><datafield tag="880" ind1="1" ind2="0"><subfield code="6">240-02/</subfield><subfield code="a">حاشية شيخ زاده على البيضاوي.</subfield><subfield code="n">جلد 2</subfield></datafield><datafield tag="880" ind1="1" ind2=" "><subfield code="6">100-01/</subfield><subfield code="a">شيخ زاده، محمد بن مصطفى القوجوي.</subfield></datafield><datafield tag="CID" ind1=" " ind2=" "><subfield code="a">006805967</subfield></datafield><datafield tag="DAT" ind1="0" ind2=" "><subfield code="a">20190719102637.0</subfield><subfield code="b">20190719000000.0</subfield></datafield><datafield tag="DAT" ind1="1" ind2=" "><subfield code="a">20190719090653.0</subfield><subfield code="b">2019-07-19T16:11:37Z</subfield></datafield><datafield tag="DAT" ind1="2" ind2=" "><subfield code="a">2015-10-02T18:00:03Z</subfield></datafield><datafield tag="CAT" ind1=" " ind2=" "><subfield code="a">SDR-MIU</subfield><subfield code="d">EX LIBRIS - ALEPH</subfield><subfield code="l">prepare.pl-004-008</subfield></datafield><datafield tag="FMT" ind1=" " ind2=" "><subfield code="a">BK</subfield></datafield><datafield tag="HOL" ind1=" " ind2=" "><subfield code="0">sdr-miu006805967</subfield><subfield code="a">MiU</subfield><subfield code="b">SDR</subfield><subfield code="c">MIU</subfield><subfield code="p">mdp.39015079127661</subfield><subfield code="s">MIU</subfield><subfield code="1">006805967</subfield></datafield><datafield tag="974" ind1=" " ind2=" "><subfield code="b">MIU</subfield><subfield code="c">MIU</subfield><subfield code="d">20190719</subfield><subfield code="s">lit-dlps-dc</subfield><subfield code="u">mdp.39015079127661</subfield><subfield code="y">1899</subfield><subfield code="r">pd</subfield><subfield code="q">exp</subfield></datafield></record></collection>